<?xml version="1.0" encoding="UTF-8"?><collection xmlns="http://www.loc.gov/MARC21/slim"><record><leader>00513nam--2200145-i-4500</leader><controlfield tag="001">000040221</controlfield><controlfield tag="002">20161230</controlfield><controlfield tag="005">20161230201042</controlfield><controlfield tag="008">060222s1000------------r-----000-0-eng-d</controlfield><datafield ind1=" " ind2=" " tag="080"><subfield code="a">001.891</subfield></datafield><datafield ind1=" " ind2=" " tag="100"><subfield code="a">Samoila,Constantin</subfield></datafield><datafield ind1=" " ind2=" " tag="245"><subfield code="a">Intocmirea planurilor si programelor de dezvoltare tehnologica si introducerea progresului tehnic. 1.organizarea si conducerea activitatilor de cercetare-dezvoltare</subfield></datafield><datafield ind1=" " ind2=" " tag="260"><subfield code="a">Bucuresti, Inid, 1979. 145 P</subfield></datafield><datafield ind1=" " ind2=" " tag="490"><subfield code="a">Colectia Probleme Ale Conducerii Moderne</subfield></datafield><datafield ind1=" " ind2=" " tag="852"><subfield code="a">46092</subfield></datafield></record></collection>